3042 4892
217 306 239 370 4
477 305 504 370 1.
527 303 556 372 1.
580 291 749 371 nessus
772 305 1012 373 rnAEFnsso

216 463 413 514 transmittendum
429 465 607 528 loeupletandn,
622 465 680 514 alias
696 467 846 515 dsosrtandas
862 474 930 530 atque
944 465 1115 524 manusb.
1129 465 1229 528 deniqne
1240 465 1314 515 sasiia

217 541 293 591 modis
304 543 438 606 digerendis
448 553 519 606 atque
533 545 722 592 transformanda
734 551 760 592 et
772 547 924 593 retraetaudss
938 553 1026 601 essem.
1042 543 1155 592 insideret
1169 544 1221 592 iseo
1232 559 1314 608 opera,

217 619 293 666 sirum
309 635 408 682 gnosum
422 627 446 668 et
456 630 563 684 segetum
579 622 708 683 postulans,
720 621 742 668 in
755 627 847 684 tempus
858 629 905 670 tam
920 621 1033 682 iniquum,
1043 628 1070 668 ut
1082 636 1125 682 pes
1135 627 1206 668 totam
1220 620 1313 668 oet'atens

217 713 291 746 meam
303 699 406 761 iniquius
416 700 478 748 aliud
491 715 605 762 nunqusm
618 700 743 762 attigerim.
764 701 817 750 dam
828 701 961 765 sumptores
978 713 1049 748 assos
1061 700 1158 747 molesta
1166 705 1191 746 et
1199 698 1313 746 insidiosa

216 775 282 841 (nans
294 777 399 836 pertines
415 784 439 824 et
450 773 546 825 raboldi
557 777 619 838 snt)
629 768 699 824 hdr
717 771 779 824 utres
793 781 861 824 ussat
872 770 1032 824 flisiaottat·
1060 778 1112 826 Jssu
1123 776 1152 822 ab
1162 774 1256 823 insonte
1267 776 1312 822 hoo

217 869 272 900 sese
283 854 312 899 ad
327 853 371 900 hou
387 853 433 902 disi
449 855 526 910 sensit,
538 855 606 901 libres
618 854 751 916 pulmoness
764 853 848 911 erodit,
858 854 948 909 evellit,
960 861 1075 911 errorent,
1086 852 1177 901 ssdioea
1188 852 1244 900 sitas
1254 865 1312 899 areo

217 929 336 986 oonsellit,
347 939 372 978 et
382 931 486 980 dilaniet.
518 935 570 994 Qua
581 931 635 978 meli
648 924 800 978 diuturnitate
811 939 835 978 et
847 931 939 979 sevitie
948 940 995 979 taus
1004 947 1055 980 snm
1067 933 1162 988 iraotus,
1172 938 1198 978 et
1206 928 1313 978 esinsni·

216 1011 263 1062 tus,
277 1015 301 1054 et
312 1014 446 1064 enersstus,
456 1016 482 1056 ut
493 1011 534 1056 six
546 1011 571 1056 in
580 1008 689 1058 “hinnio
701 1009 740 1058 sal
749 1008 813 1056 iests
822 1007 888 1072 (nasas
897 1009 936 1056 aio
943 1009 1097 1070 loquebantur
1108 1016 1206 1064 soteres,
1217 1008 1258 1056 sed
1270 1007 1313 1054 lto-

215 1083 299 1140 dierui,
308 1084 365 1132 hano
377 1085 523 1133 intinitatem
535 1081 594 1133 ltaud
606 1085 732 1147 cupientes,
744 1083 768 1132 iu
779 1101 831 1133 meo
843 1093 965 1148 usurpant,
971 1087 1070 1134 literulis
1082 1085 1218 1134 esesoeudis
1228 1101 1310 1133 eonse-

215 1157 294 1222 osato)
305 1169 384 1210 restas
394 1167 419 1211 et
426 1169 541 1214 sensiam
549 1162 690 1235 isusnbnissa¹
703 1162 801 1223 possim.
837 1163 892 1212 Hoo
905 1171 945 1210 est
956 1164 1016 1210 illud
1027 1163 1196 1226 iniquissimum
1210 1171 1311 1224 tempus,

215 1237 277 1298 quod
287 1237 349 1294 dion,
358 1245 404 1300 qm
414 1244 544 1300 opprime
555 1231 767 1290 antohdooesisns
778 1232 895 1290 obesse
905 1241 1086 1302 conprehensos
1092 1237 1227 1299 oanoripai,
1237 1247 1261 1285 et
1268 1252 1311 1287 sa·

214 1315 308 1372 riastes,
318 1315 406 1364 dudum
417 1325 470 1364 ante
483 1317 600 1374 oolleotas,
612 1318 676 1364 susi.
709 1317 838 1365 Hubebuut
848 1318 873 1364 iu
886 1317 1020 1365 matimsnda
1030 1331 1160 1377 mesopesa
1172 1317 1311 1364 Demosthe
1365 1377 1370 1389 ι

214 1392 266 1440 nioa
275 1393 334 1453 sequi
345 1393 426 1441 esbitri
437 1395 518 1442 horum
529 1394 726 1442 incommodorum
734 1401 760 1442 ot
770 1395 875 1442 saum
886 1394 1025 1442 infirmitatis
1034 1395 1154 1442 rationem.

246 1471 298 1517 darn
308 1470 405 1517 seorsim
416 1471 473 1518 mihi
484 1470 515 1521 da
524 1471 647 1523 suadis
654 1471 730 1520 adsue
736 1470 842 1523 nonnihit
850 1477 888 1519 eat
897 1470 1075 1526 admonendum,
1082 1477 1204 1531 antequam
1212 1467 1310 1516 ulterius

184 1596 187 1604 ,
214 1547 348 1608 psooedsm.
369 1549 455 1611 Magna
465 1548 544 1610 utique
556 1537 609 1596 sunl
620 1549 748 1610 meritoque
759 1545 875 1596 celebrate
883 1543 1000 1596 'l'ourrelii
1012 1547 1042 1594 de
1053 1545 1209 1594 Demosthene
1220 1545 1310 1593 merita.

215 1621 272 1680 Sed,
289 1631 316 1670 ut
328 1630 407 1672 orator
423 1625 523 1674 disertus
539 1626 623 1687 iungis,
640 1626 679 1689 qui
696 1632 754 1684 erat,
769 1640 837 1687 qnam
855 1635 881 1672 ut
898 1625 991 1673 subtilis
1006 1625 1111 1679 oritiotts,
1122 1623 1309 1673 Demosthenem

214 1707 328 1749 trsottsse
338 1702 394 1750 nsihi
405 1701 471 1750 sisus
483 1710 527 1759 eet,
537 1710 561 1751 et
570 1703 595 1751 in
604 1703 736 1766 oolligeuda
746 1703 843 1752 materia
850 1703 1022 1751 annotationum
1030 1702 1190 1749 historioasum
1200 1701 1309 1760 mojorem

214 1769 359 1834 iusum-s,
369 1784 396 1826 es
406 1779 428 1826 n
438 1771 584 1830 nutriendis
595 1777 663 1831 noos
677 1777 848 1842 domnnall
857 1786 925 1841 sequ·
935 1775 1093 1842 meseia
1104 1771 1309 1837 musmonem

213 1853 238 1902 iu
249 1856 415 1917 perspioiendis
427 1858 547 1906 sententiis
562 1857 676 1914 obseusis,
685 1863 726 1905 aut
741 1857 833 1917 speudis
843 1856 986 1917 onrriqendis
997 1855 1144 1917 seqanitatem
1155 1860 1225 1915 utque
1235 1851 1310 1900 felisi-

214 1937 285 1980 tsteur
299 1935 448 1995 approbasse.
479 1935 643 1995 Saepenumeo
658 1943 672 1980 a
687 1929 919 1982 sesseno'ismeis
928 1927 964 1979 ita
976 1932 1023 1979 iste
1037 1932 1161 1990 abemsit,
1171 1937 1197 1978 ut
1209 1936 1309 1987 ooustet,

214 2024 276 2064 eum,
287 2025 339 2056 oum
352 2025 364 2057 e
376 2011 507 2071 oouJeotusa
522 1994 632 2065 seriisae,
644 2017 692 2056 turn
703 2011 785 2056 Groeoe
794 2009 908 2056 nesoisse.
941 2008 1020 2056 llouso
1032 2009 1133 2067 'l'uyloro
1147 2008 1171 2054 iu
1183 2007 1308 2056 sedulitate

214 2087 314 2134 osstosis
322 2085 449 2138 historioos
455 2094 479 2134 et
486 2086 663 2149 uhrosoioqiooa
672 2085 782 2148 soopnlos
791 2086 887 2134 tollendi
897 2085 1039 2141 simillimus,
1048 2084 1164 2146 sseliqsis
1175 2087 1226 2148 ejus
1235 2083 1310 2141 uitiis,

212 2161 301 2222 putidos
312 2168 337 2208 et
346 2159 479 2224 oallqiuosm
491 2158 601 2210 dictionis
612 2161 766 2219 nffeotutione,
777 2158 878 2210 sanitate
889 2169 913 2210 et
923 2161 1057 2222 arrogantia
1066 2161 1213 2218 snholsaties,
1225 2168 1308 2210 senatu

212 2245 237 2286 et
249 2237 368 2286 venditata
375 2235 524 2287 minutiarum
534 2231 601 2294 iiber,
612 2238 730 2286 humanior
738 2247 808 2302 etqua
815 2239 941 2294 liberalior,
951 2239 1096 2288 sthsueusn
1106 2235 1214 2286 deuehar.
1229 2239 1309 2302 Opera

206 2307 265 2376 'sios
276 2312 300 2362 iu
311 2315 346 2362 his
360 2315 445 2363 nostrin
461 2315 531 2364 terris
545 2313 639 2364 insentu
656 2315 772 2364 rarissima
785 2315 854 2364 multi
867 2323 981 2364 emtosum
995 2314 1041 2364 ussi
1053 2315 1140 2376 operis,
1154 2315 1185 2362 de
1200 2331 1247 2378 qno
1257 2331 1308 2364 oes-

211 2389 300 2438 tissime
311 2385 367 2440 mihi
382 2399 481 2450 constat,
495 2408 595 2454 summas
613 2392 668 2441 milri
685 2393 771 2456 gratiss
784 2392 886 2442 habituri
904 2399 991 2449 esseut,
1002 2393 1023 2440 si
1042 2384 1196 2454 lineretqpeis
1213 2409 1257 2455 per
1269 2409 1307 2442 me

184 2465 188 2476 '
210 2461 367 2514 'lourseiliuna
378 2467 422 2515 hoo
432 2467 456 2516 iu
470 2465 585 2516 uolumine
595 2469 671 2532 legere
682 2486 690 2531 ς
703 2485 799 2530 qnorum
807 2477 922 2518 emtornus
932 2470 992 2516 bona
1002 2485 1058 2532 para
1068 2469 1142 2530 magis
1154 2469 1306 2518 annotationi-

209 2543 253 2590 bus
263 2541 390 2602 historicis,
400 2560 466 2607 quem
479 2541 567 2604 qritinis
577 2545 678 2594 duoitur.
698 2545 730 2593 Et
738 2544 802 2594 solas
811 2543 930 2594 Tourrelli
941 2547 1099 2594 annotationes
1107 2562 1159 2594 oon
1168 2547 1307 2603 summariis,

210 2617 294 2681 ouique
307 2617 405 2684 orationi
418 2621 556 2684 premissis,
569 2622 619 2669 sine
633 2619 746 2670 Franeioa
756 2621 885 2672 orationum
897 2622 1013 2678 sessione,
1025 2623 1046 2670 ei
1057 2623 1192 2680 edidissem,
1202 2624 1226 2670 id
1243 2623 1306 2686 quod

206 2697 255 2758 J'ans
266 2697 373 2756 parabunt
384 2699 468 2754 lesere,
475 2691 640 2746 sidenturiile
650 2714 730 2762 pssum
742 2697 803 2748 ultra
813 2695 960 2762 siphabetnm
972 2697 1100 2761 impletura
1111 2697 1196 2747 luisses
1217 2713 1306 2758 senam,

211 2788 236 2821 se
250 2770 384 2838 diligentins
401 2774 524 2838 pensitato,
540 2775 616 2824 sisuns
633 2783 670 2824 eat
687 2777 715 2824 sis
731 2771 776 2824 iou
793 2777 914 2839 proposito
930 2775 1061 2834 desisteseq
1077 2791 1106 2823 ne
1122 2789 1180 2824 ureae
1196 2777 1307 2833 materies,

210 2851 277 2913 nujus
293 2857 379 2900 tantm
397 2860 539 2918 suppeteret,
550 2853 573 2900 iu
586 2859 649 2900 tants
661 2851 787 2916 spetiosum
803 2851 917 2915 angustia,
929 2868 997 2916 quam
1011 2849 1131 2900 Woiiisua
1141 2859 1209 2915 atque
1221 2851 1305 2916 'lapio-

211 2943 265 2974 rana
276 2927 331 2975 milri
338 2927 450 2992 reliquam
460 2929 573 2986 leoernut,
579 2927 656 2976 losum
665 2945 760 2992 prorsus
768 2929 945 2993 psoeoludesem.
965 2926 1056 2978 Deinde
1064 2945 1152 2988 nomm,
1159 2932 1207 2992 jam
1216 2929 1305 2979 dudum

209 3003 337 3064 permultos
348 3003 488 3054 desiderium
496 3022 597 3055 messum
609 3007 781 3056 annotationum
791 3004 911 3072 aegerrime
919 3009 990 3067 iesse,
999 3023 1057 3072 quos
1065 3006 1154 3056 diutiss
1161 3009 1305 3069 suspendere

208 3084 274 3129 nefus
284 3083 374 3131 inisset.
391 3083 466 3132 Porro
475 3096 564 3141 uosarn,
573 3083 675 3134 homines
682 3085 757 3148 sepiis
769 3087 869 3135 librariis
877 3084 1099 3148 effluentesqueri,si
1107 3087 1305 3147 ooqantureadsm

208 3176 288 3208 sursus
299 3175 383 3220 eruere,
394 3176 445 3223 qnss
453 3163 501 3223 jaso
515 3162 602 3209 dudum
619 3163 642 3210 iu
659 3163 740 3212 insulis
752 3165 846 3222 nubem,
862 3162 951 3212 divites
961 3178 1045 3226 nempe
1059 3162 1095 3210 illi
1105 3169 1175 3224 atque
1186 3163 1258 3221 bend,
1273 3165 1304 3214 de

208 3233 304 3283 aliorum
315 3237 412 3298 penurie
423 3235 507 3285 seonsi.
535 3237 593 3284 'lum
605 3237 718 3288 Tourselli
729 3239 852 3302 quiequam
869 3239 1015 3288 redditurum
1032 3253 1144 3302 unsqnsru
1163 3254 1305 3302 senopem.

117 3343 124 3358 .
208 3313 274 3362 Alias
286 3315 337 3376 pari
345 3311 400 3380 jnre
411 3315 480 3364 etium
491 3313 629 3364 Luoohesini
640 3316 845 3366 sommentatiooea
853 3315 951 3366 iuissm
961 3316 1109 3373 moodendse,
1117 3333 1169 3380 qum
1177 3317 1306 3368 'l'ourselii-

207 3392 258 3441 snis
272 3391 305 3441 nil
317 3395 411 3452 oedunt‚
421 3402 445 3442 et
458 3393 546 3450 neseio,
557 3409 585 3442 au
603 3395 775 3456 quodammodo
785 3411 878 3458 qnoque
890 3396 1041 3457 preferendo
1052 3395 1108 3452 siut,
1121 3394 1242 3456 nihiloque
1252 3411 1302 3446 oso·

195 3468 296 3518 insinues
306 3469 402 3519 inventu
415 3469 451 3520 his
467 3469 491 3518 in
503 3471 570 3520 torris
583 3478 645 3520 sunt.
678 3473 842 3538 Praesidebsm
857 3488 960 3535 qnoque,
971 3488 1016 3520 uon
1027 3485 1098 3534 posse
1110 3471 1169 3529 fieri,
1179 3473 1303 3536 quominus
1354 3524 1360 3533 ,

206 3556 308 3610 oosptum
323 3548 366 3596 hoo
377 3564 450 3596 meum
461 3545 596 3598 deteriorem
608 3549 632 3598 in
645 3558 734 3610 partem
751 3550 870 3614 aoeiperet
880 3550 1021 3599 Atlrssaains
1032 3553 1149 3612 lugeres,
1157 3550 1188 3598 V.
1197 3551 1224 3598 0.
1244 3551 1303 3599 Pro·

206 3623 281 3674 iessor
292 3620 430 3688 eloquentiae
441 3622 531 3688 Regios
544 3626 567 3674 iu
579 3627 686 3690 collegio
698 3624 889 3688 liotlsomsgensi,
899 3643 913 3674 a
923 3642 970 3690 qno
980 3627 1046 3676 bsesi
1056 3633 1112 3688 post
1122 3628 1303 3678 Demosthenem

206 3701 341 3750 nnivessum
352 3699 462 3750 anoioe
473 3701 588 3752 redditum
601 3710 624 3750 et
633 3701 743 3752 historice
753 3702 880 3766 oritioeque
891 3703 1042 3752 illuminatam
1053 3695 1225 3766 eispeenuus.
1257 3706 1302 3754 cu

205 3785 233 3826 ut
243 3784 315 3826 totnus
326 3774 534 3827 Tourrelliausrum
543 3781 691 3842 reliquiorum
702 3781 821 3828 arbitrium
830 3781 921 3830 salsum
932 3788 957 3830 et
967 3782 1079 3828 intantum
1087 3781 1252 3842 relinquerem,
1259 3784 1302 3844 jus

116 3883 120 3888 -
204 3853 421 3918 etiaspostulsisst.
454 3855 500 3904 Sed
511 3853 541 3904 ad
553 3857 586 3905 rai
594 3864 664 3919 osput
675 3857 767 3904 taudem
781 3857 889 3906 devenio.
922 3857 1085 3919 Reiiqniaelsm
1096 3855 1301 3906 Tourreliianmus

204 3929 280 3994 dignm
286 3933 380 3996 quidem
391 3941 444 3982 snut
452 3935 541 3982 seoudi.
563 3937 657 3984 Sostent
668 3935 759 3991 suoriia,
771 3950 828 3998 quas
839 3934 936 3998 eliqsasi
947 3952 990 3997 par
1000 3935 1096 4002 inisset:
1113 3951 1166 3998 qum
1176 3951 1215 3984 ses
1225 3950 1301 3998 neqse

203 4007 255 4064 otii,
272 4025 347 4072 neque
356 4007 476 4058 ‚stomaoisi
494 4009 538 4057 saei
557 4017 602 4058 est.
636 4006 683 4058 Vir
701 4011 771 4060 tertia
787 4025 864 4058 mmm
880 4027 936 4073 psrs
955 4011 985 4060 ad
1006 4011 1187 4058 Demosthenem
1204 4011 1301 4074 proprie

203 4081 324 4148 quioqusm
336 4083 405 4145 iuoit;
420 4085 510 4147 reliqna
522 4083 677 4142 miseellunes,
688 4085 798 4144 trivialia,
815 4087 895 4135 neseio
913 4104 982 4150 quam
1000 4103 1066 4145 sare,
1079 4103 1095 4136 e
1105 4088 1220 4144 Mosorio,
1237 4089 1302 4138 Bau·

201 4157 299 4218 desudo,
310 4159 425 4210 similibus
435 4160 593 4226 promtuasiia.
603 4177 707 4219 eorrssa,
719 4170 744 4210 et
755 4163 828 4212 seluti
839 4166 919 4227 soopis
927 4181 1053 4214 consessu:
1065 4179 1205 4228 quamquam
1215 4166 1260 4214 too
1270 4166 1300 4214 sd

202 4230 313 4286 insidiam
324 4235 385 4286 bono
397 4235 447 4287 siro
460 4237 587 4288 leniendam
603 4239 691 4288 diotnm
703 4239 784 4297 nolim,
795 4240 869 4298 aiens,
878 4257 916 4292 ms
926 4243 971 4291 loo
985 4258 1032 4291 nou
1043 4243 1168 4305 explosam
1178 4260 1214 4300 re,
1226 4261 1300 4308 usqua
1319 4299 1326 4308 .

201 4317 265 4360 serta
279 4311 377 4363 seientia
394 4313 511 4369 fidentem.
528 4318 570 4364 sed
582 4333 647 4364 mera
663 4317 778 4381 probabili
792 4319 925 4380 auspieiose
941 4322 1037 4370 duetuus
1051 4321 1141 4372 diseno
1173 4324 1301 4388 lnqsirant,

201 4405 298 4452 quorum
306 4387 405 4440 interest
414 4392 457 4440 iso
465 4390 488 4440 iu
500 4407 525 4441 rs
535 4401 621 4442 oertsrn
634 4395 754 4451 veritatem
767 4394 949 4458 deprehendere.

232 4461 370 4516 Wollsnaru
382 4467 436 4517 item
449 4467 660 4534 interpretationem
670 4473 774 4522 tanna-
784 4473 1014 4540 ilessostbsqioarnm
1022 4475 1171 4540 setiqsiasnn
1182 4476 1300 4528 usitisds
